@book {Schlosser2013,
  Author = {Eric Schlosser},
  Publisher = {Penguin},
  Title = {Command and Control: Nuclear Weapons, the Damascus Accident, and the Illusion of Safety},
  Year = {2019}}
