@book{douglass1817,
  title = {Fredrick Douglass on Women's Rights},
  author = {Fredrick Douglass},
  year = {1832},
  publisher = {De Capo Press},
},
@book{henretta,
  title = {America's History},
  author = {James A. Henretta},
  publisher = {BedFord/ St. Martins},
  year = {2003},
  editor = {Victoria Royal},
  address = {Boston,MA},
},
@book{stansell1982,
  title = {City of Women: Sex and Class in New York},
  author = {Christine Stansell},
  publisher = {University of Illinois Press},
  year = {1982},
  isbn = {02520148122},
},
@thesis{kanzler2005,
  title = {Texts, Commodities and Genteel Factory Girls: The textile Mills as a
           Feminine Space in Antebellum American Litrature},
  author = {Katia Kanzler},
  publisher = {Universit√§tsverlag Winter Gmbh},
  year = {2005},
  url = {https://www.jstor.org/stable/41158181},
},
@article{west1992,
  title = {Irish Immigrant Workers in Antebellum New York: The Experience of
           Domestic Servants at Van Buren's Lindenwald},
  author = {Patricia West},
  publisher = {The Hudson Valley Regional Review: A Journal of Regional Studies},
  year = {1992},
  url = {https://npshistory.com/publications/mava/lindenwald-servants.pdf},
},
@article{patricia1836,
  title = {The Helen Jewett Murder: Violence, Gender, and Sexual Licentiousness
           in Antebellum America},
  author = {Patricia Cline Cohen},
  volume = {2},
  journal = {NWSA Journal},
  year = {1990},
  url = {https://www.jstor.org/stable/4316044?seq=1},
},
@article{lee2006,
  title = {A Review on: "Sex among the rabble: An Intimate history of gender and
           power in the age of Revolution Philadelphia."},
  author = {Lee V. Chambers},
  journal = {The Journal of American History},
  volume = {93},
  edition = {2},
  year = {2006},
  page = {851},
  note = "\n why the fuck is a kilometer",
}
