@book{douglass1817,
  title = {Fredrick Douglass on Women's Rights},
  author = {Fredrick Douglass},
  year = {1832},
  publisher = {De Capo Press},
},
@book{henretta,
  title = {America's History},
  author = {James A. Henretta},
  publisher = {BedFord/ St. Martins},
  year = {2003},
  editor = {Victoria Royal},
  address = {Boston,MA},
},
@book{stansell1982,
  title = {City of Women: Sex and Class in New York},
  author = {Christine Stansell},
  publisher = {University of Illinois Press},
  year = {1982},
  isbn = {02520148122},
};
@thesis{kanzler2005,
  title = {Texts, Commodities and Genteel Factory Girls: The textile Mills as a
           Feminine Space in Antebellum American Litrature},
  author = {Katia Kanzler},
  publisher = {Universit√§tsverlag Winter Gmbh},
  year = {2005},
  url = {https://www.jstor.org/stable/41158181},
}
